<record><leader>00000cas a2200000 a 4500</leader><controlfield tag="001">2266272</controlfield><controlfield tag="008">760620d18031815nyuwr ne      0    0eng c</controlfield><datafield ind1=" " ind2=" " tag="010"><subfield code="a">sn 83021107 </subfield></datafield><datafield ind1=" " ind2=" " tag="040"><subfield code="a">PIT</subfield><subfield code="b">eng</subfield><subfield code="c">PIT</subfield><subfield code="d">NPX</subfield><subfield code="d">NPU</subfield><subfield code="d">NPX</subfield><subfield code="d">DLC</subfield><subfield code="d">NPX</subfield><subfield code="d">NYG</subfield><subfield code="d">NPH</subfield><subfield code="d">NYS</subfield><subfield code="d">NVF</subfield><subfield code="d">MGN</subfield><subfield code="d">OCL</subfield><subfield code="d">OCLCQ</subfield><subfield code="d">DLC</subfield><subfield code="d">OCLCG</subfield><subfield code="d">CRL</subfield><subfield code="d">KRTAS</subfield><subfield code="d">DLC</subfield><subfield code="d">OCLCQ</subfield><subfield code="d">OCLCA</subfield><subfield code="d">OCLCQ</subfield><subfield code="d">OCLCA</subfield><subfield code="d">OCLCF</subfield></datafield><datafield ind1="1" ind2=" " tag="029"><subfield code="a">AU@</subfield><subfield code="b">000026086539</subfield></datafield><datafield ind1=" " ind2=" " tag="042"><subfield code="a">pcc</subfield></datafield><datafield ind1=" " ind2=" " tag="043"><subfield code="a">n-us-ny</subfield></datafield><datafield ind1="0" ind2="0" tag="050"><subfield code="a">Newspaper</subfield></datafield><datafield ind1="0" ind2=" " tag="130"><subfield code="a">Plebeian (Kingston, N.Y.)</subfield></datafield><datafield ind1="1" ind2="0" tag="245"><subfield code="a">Plebeian.</subfield></datafield><datafield ind1=" " ind2=" " tag="260"><subfield code="a">Kingston, Ulster County [N.Y.] :</subfield><subfield code="b">J. Buel &amp; I. Mitchell,</subfield><subfield code="c">-1815.</subfield></datafield><datafield ind1=" " ind2=" " tag="300"><subfield code="a">volumes ;</subfield><subfield code="c">51 cm</subfield></datafield><datafield ind1=" " ind2=" " tag="310"><subfield code="a">Weekly</subfield></datafield><datafield ind1=" " ind2=" " tag="336"><subfield code="a">text</subfield><subfield code="b">txt</subfield><subfield code="2">rdacontent</subfield></datafield><datafield ind1=" " ind2=" " tag="337"><subfield code="a">unmediated</subfield><subfield code="b">n</subfield><subfield code="2">rdamedia</subfield></datafield><datafield ind1=" " ind2=" " tag="338"><subfield code="a">volume</subfield><subfield code="b">nc</subfield><subfield code="2">rdacarrier</subfield></datafield><datafield ind1="1" ind2=" " tag="362"><subfield code="a">Began June 29, 1803?</subfield></datafield><datafield ind1="0" ind2=" " tag="362"><subfield code="a">-v. 13, no. 631 (July 25, 1815).</subfield></datafield><datafield ind1=" " ind2=" " tag="500"><subfield code="a">Imprint varies: Jesse Buel, &lt;1805&gt;-1813; Daniel MacDuffee, for the Proprietor, 1813-1814; John Tappen, 1814-1815.</subfield></datafield><datafield ind1=" " ind2=" " tag="500"><subfield code="a">Anti-Federalist. Cf. Schoonmaker, M. Hist. of Kingston.</subfield></datafield><datafield ind1=" " ind2=" " tag="530"><subfield code="a">Also issued on microfilm from American Antiquarian Society.</subfield></datafield><datafield ind1=" " ind2=" " tag="588"><subfield code="a">Description based on: Vol. 1, no. 2 (July 6, 1803).</subfield></datafield><datafield ind1=" " ind2=" " tag="588"><subfield code="a">Latest issue consulted: Vol. 12, no. 627 (June 27, 1815).</subfield></datafield><datafield ind1=" " ind2="0" tag="651"><subfield code="a">Kingston (N.Y.)</subfield><subfield code="v">Newspapers.</subfield></datafield><datafield ind1=" " ind2="0" tag="651"><subfield code="a">Ulster County (N.Y.)</subfield><subfield code="v">Newspapers.</subfield></datafield><datafield ind1=" " ind2="7" tag="655"><subfield code="a">Newspapers.</subfield><subfield code="2">fast</subfield><subfield code="0">(OCoLC)fst01423814</subfield></datafield><datafield ind1=" " ind2="7" tag="651"><subfield code="a">New York (State)</subfield><subfield code="z">Kingston.</subfield><subfield code="2">fast</subfield><subfield code="0">(OCoLC)fst01208819</subfield></datafield><datafield ind1=" " ind2="7" tag="651"><subfield code="a">New York (State)</subfield><subfield code="z">Ulster County.</subfield><subfield code="2">fast</subfield><subfield code="0">(OCoLC)fst01207948</subfield></datafield><datafield ind1="1" ind2=" " tag="700"><subfield code="a">Buel, Jesse,</subfield><subfield code="d">1778-1839.</subfield></datafield><datafield ind1="1" ind2=" " tag="700"><subfield code="a">Mitchell, I.</subfield><subfield code="q">(Isaac),</subfield><subfield code="d">approximately 1759-1812.</subfield></datafield><datafield ind1=" " ind2=" " tag="752"><subfield code="a">United States</subfield><subfield code="b">New York</subfield><subfield code="c">Ulster</subfield><subfield code="d">Kingston.</subfield></datafield><datafield ind1="0" ind2="0" tag="785"><subfield code="t">Ulster plebeian (Kingston, N.Y. : 1815)</subfield><subfield code="w">(DLC)sn 83031214</subfield><subfield code="w">(OCoLC)9823960</subfield></datafield><datafield ind1=" " ind2=" " tag="938"><subfield code="a">Kirtas Technologies, Inc.</subfield><subfield code="b">KRTS</subfield><subfield code="n">735695</subfield></datafield></record>